article{krishna2017visual,
  title={Visual genome: Connecting language and vision using crowdsourced dense image annotations},
  author={Krishna, Ranjay and Zhu, Yuke and Groth, Oliver and Johnson, Justin and Hata, Kenji and Kravitz, Joshua and Chen, Stephanie and Kalantidis, Yannis and Li, Li-Jia and Shamma, David A and others},
  journal={International Journal of Computer Vision},
  volume={123},
  number={1},
  pages={32--73},
  year={2017},
  publisher={Springer}
}

@online{wikipedia,
  author = {Wikipedia},
  title = {Visão Computacional},
  year = 2017,
  url = {https://pt.wikipedia.org/wiki/Vis%C3%A3o_computacional},
  urldate = {2017-07-15}
}

@online{cavalca,
  author = {Diego Cavalca},
  title = {Introdução sobre Visão Computacional},
  year = 2005,
  url = {http://diegocavalca.com/uma-breve-introducao-sobre-visao-computacional/},
  urldate = {2005-11-17}
}

@online{marengoni,
  author = {Maurício Marengoni},
  title = {Introdução sobre Visão Computacional},
  year = 2008,
  url = {http://www.gpec.ucdb.br/sibgrapi2008/tutorials/tutorial-2.pdf},
  urldate = {2008}
}

@online{cavalcanti,
  author = {Jorge Cavalcanti},
  title = {Representação de imagens},
  year = 2009,
  url = {http://www.univasf.edu.br/~jorge.cavalcanti/comput_graf03_rep_img_hw.pdf},
  urldate = {2009-07-08}
}

@online{demisio,
  author = {José Demisio},
  title = {Filtragem},
  url = {http://www.lac.inpe.br/~demisio/univ/pdi/pdi06.pdf}
}

@online{adair,
  author = {Adair},
  title = {Filtragem no domínio da frequência - Fourier},
  url = {http://www.inf.unioeste.br/~adair/PID/Notas%20Aula/Filtragem%20no%20Dominio%20da%20Frequencia%20-%20Fourier.pdf}
}
