@book{szeliski:2010,
	title     = {Computer Vision: Algorithms and Applications},
	publisher = {Springer},
	year      = {2010},
	author    = {Richard Szeliski},
	month     = sep,
}

@Misc{urtasun:2013,
	author = {Raquel Urtasun},
	title  = {Computer Vision: Panorama},
	month  = feb,
	year   = {2013},
	url    = {https://www.cs.toronto.edu/~urtasun/courses/CV/lecture08.pdf},
}

@Misc{sousa:2017,
	author = {VÃ­tor Silva Sousa},
	title  = {Trabalho Fin	al de Processamento de Imagens: Panografia},
	month  = sep,
	year   = {2017},
	url    = {http://docplayer.com.br/57964765-Trabalho-final-de-processamento-de-imagens-panografia.html},
}

@Misc{roth:2014,
	author = {Gerhard Roth},
	title  = {Homography},
	month  = feb,
	year   = {2014},
	url    = {http://people.scs.carleton.ca/~roth/comp4102a-14/notes/homography_feb_28_14.pdf},
}


@Misc{gomes:2015,
	author = {Herman Martins Gomes},
	title  = {Intro estereo},
	year   = {2015},
	url    = {www.dsc.ufcg.edu.br/~hmg/disciplinas/graduacao/vc-2015.2/intro+estereo.ppt},
}

@Misc{hoeim:2010,
	author = {Derek Hoiem},
	title  = {Image Stitching},
	month  = oct,
	year   = {2010},
	url    = {https://courses.engr.illinois.edu/cs498dwh/fa2010/lectures/Lecture%2017%20-%20Photo%20Stitching.pdf},
}

@Misc{chauandkarol:2015,
	author = {Harrison Chau, Robert Karol},
	title  = {Robust Panoramic Image Stitching},
	month  = jan,
	year   = {2015},
	url    = {http://cvgl.stanford.edu/teaching/cs231a_winter1415/prev/projects/Chau_Karol_CS231a_Final_Paper.pdf},
}

@Misc{juanandgwun:2010,
	author = {Luo Juan, Oubong Gwun},
	title  = {SURF applied in Panorama Image Stitching},
	month  = jul,
	year   = {2010},
	url    = {https://pdfs.semanticscholar.org/1aa1/263aa80db37c112578bc02479f54616b0d01.pdf},
}

@Misc{morse:2012,
	author = {Bryan Morse},
	title  = {Image Stitching},
	year   = {2012},
	url    = {https://canvas.instructure.com/courses/743674/download&usg=AOvVaw3MDi2cZbxw9tIKW2IcgwkD},
}

@Misc{xiao:2014,
	author = {Jianxiong Xiao},
	title  = {Problem Set 3: Stitching a Panorama},
	year   = {2014},
	url    = {http://3dvision.princeton.edu/courses/COS429/2014fa/ps/ps3/ps3.pdf},
}

@Misc{yoonandlee:2017,
	author = {Jaeyoung Yoon, Daeho Lee},
	title  = {Real-Time Video Stitching Using Camera Path
	Estimation and Homography Refinement},
	month  = dec,
	year   = {2017},
	url    = {www.mdpi.com/2073-8994/10/1/4/pdf},
}

@Misc{szeliski:2005,
	author = {Richard Szeliski},
	title  = {Image Alignment and Stitching},
	month  = jan,
	year   = {2005},
	url    = {https://courses.cs.washington.edu/courses/cse576/05sp/papers/MSR-TR-2004-92.pdf},
}